<?xml version="1.0" encoding="UTF-8"?><record xmlns="http://www.loc.gov/MARC21/slim" xmlns:cinclude="http://apache.org/cocoon/include/1.0" xmlns:zs="http://www.loc.gov/zing/srw/">
  <leader>00587cz  a2200145n  4500</leader>
  <controlfield tag="001">n  80068671 </controlfield>
  <controlfield tag="003">DLC</controlfield>
  <controlfield tag="005">19891017075131.5</controlfield>
  <controlfield tag="008">800716n| acannaab|          |a aaa |||  </controlfield>
  <datafield tag="010" ind1=" " ind2=" ">
    <subfield code="a">n  80068671 </subfield>
  </datafield>
  <datafield tag="040" ind1=" " ind2=" ">
    <subfield code="a">DLC</subfield>
    <subfield code="c">DLC</subfield>
    <subfield code="d">DLC</subfield>
  </datafield>
  <datafield tag="100" ind1="1" ind2="0">
    <subfield code="a">King, Nicelma J.,</subfield>
    <subfield code="d">1947-</subfield>
  </datafield>
  <datafield tag="400" ind1="1" ind2="0">
    <subfield code="a">King, Nicki,</subfield>
    <subfield code="d">1947-</subfield>
  </datafield>
  <datafield tag="670" ind1=" " ind2=" ">
    <subfield code="a">Her Staff development programs in desegregated settings, 1980- :</subfield>
    <subfield code="b">v. 1, t.p. (Nicelma J. King) CIP data sh. (Nicelma Johnson King; b. 11/3/47)</subfield>
  </datafield>
  <datafield tag="670" ind1=" " ind2=" ">
    <subfield code="a">nuc89-47252: Her The role of school administrators ... 1980</subfield>
    <subfield code="b">(hdg. on MChB rept.: King, Nicelma J., 1947- ; usage: Nicki King)</subfield>
  </datafield>
</record>